
@INPROCEEDINGS{vbpi,
title = "Variational {B}ayesian Phylogenetic Inference",
booktitle = "International Conference on Learning Representations ({ICLR})",
author = "Zhang, Cheng and Matsen, IV, Frederick A",
year =  2018,
url = "https://openreview.net/pdf?id=SJVmjjR9FX"
}

@ARTICLE{Felsenstein1981-zs,
title = "Evolutionary trees from {DNA} sequences: a maximum likelihood approach",
author = "Felsenstein, J",
journal = "J. Mol. Evol.",
publisher = "Springer",
volume =  17,
number =  6,
pages = "368--376",
year =  1981,
url = "http://www.ncbi.nlm.nih.gov/pubmed/7288891",
issn = "0022-2844",
pmid = "7288891"
}


@ARTICLE{Mnih2016-ec,
title = "Variational inference for Monte Carlo objectives",
author = "Mnih, Andriy and Rezende, Danilo J",
month =  feb,
year =  2016,
url = "http://arxiv.org/abs/1602.06725",
archivePrefix = "arXiv",
eprint = "1602.06725",
primaryClass = "cs.LG",
arxivid = "1602.06725"
}

@INCOLLECTION{Zhang2018-mm,
title = "Generalizing Tree Probability Estimation via Bayesian Networks",
booktitle = "Advances in Neural Information Processing Systems 31",
author = "Zhang, Cheng and Matsen, IV, Frederick A",
editor = "Bengio, S and Wallach, H and Larochelle, H and Grauman, K and Cesa-Bianchi, N and Garnett, R",
publisher = "Curran Associates, Inc.",
pages = "1449--1458",
year =  2018,
url = "http://papers.nips.cc/paper/7418-generalizing-tree-probability-estimation-via-bayesian-networks.pdf"
}

